
@article{PsicologiaEducacionVirtual2009,
	author = {Díaz-Barriga, Frida},
	year = {2009},
	month = {10},
	pages = {},
	title = {César Coll y Carles Monereo (Eds). Psicología de la educación virtual. Aprender y enseñar con las Tecnologías de la Información y la Comunicación. Madrid: Morata.},
	volume = {2},
	journal = {REIRE. Revista d'Innovació i Recerca en Educació; Vol.: 2 Núm.: 3},
	doi = {10.1344/reire2009.2.3237}
}


@book{EducacionVirtualManuelUnigarro,
	author = {Unigarro Gutierrez, Manuel Antonio},
	title = {Educación virtual: encuentro formativo en el ciberespacio},
	year = {2004},
	publisher = {UNAB},
	isbn = {ISBN 958-8166-26-8},
	url = {https://books.google.com.co/books?id=C03hWjUL9OAC&printsec=frontcover&dq=educacion+virtual&hl=es-419&sa=X&ved=2ahUKEwjRzsy9493rAhUpxVkKHUdXA2kQ6AEwAXoECAUQAg#v=onepage&q=educacion%20virtual&f=false}
} 

@article{GrupoDeInvestigacionLaser,
	author = {Grupo de Investigaci\'on LASER},
	title = {LASER},
	url = {https://comunidad.udistrital.edu.co/laser/},
	urldate = {2020-09-01},
	note={\textit{Sitio web consultado el 01 de septiembre de 2020.}},
}
 

@article{Udemy,
	author = {Udemy},
	title = {Udemy},
	url = {https://play.google.com/store/apps/details?id=com.udemy.android&hl=es_CO},
	urldate = {2020-09-01},
	note={\textit{Sitio web consultado el 01 de septiembre de 2020.}},
}

@article{Coursera,
author = {\textit{Coursera Inc.}},
title = {Coursera},
url = {https://play.google.com/store/apps/details?id=org.coursera.android&hl=es_CO},
urldate = {2020-09-01},
note={\textit{Sitio web consultado el 01 de septiembre de 2020.}},
} 

@article{Jupyter,
author = {Jupyter},
title = {Jupyter},
url = {https://jupyter.org},
urldate = {2020-09-01},
note={\textit{Sitio web consultado el 01 de septiembre de 2020.}},
}
 

@article{GoogleColab,
	author = {Google},
	title = {Colaboratory},
	url = {https://research.google.com/colaboratory/faq.html},
	urldate = {2020-09-01},
	note={\textit{Sitio web consultado el 01 de septiembre de 2020.}},
}

@book{Algoritmo1,
	author = {Marquina Vila, Antonio},
	title = {Elogio del algoritmo: Las matemáticas del cálculo científico},
	year = {2016},
	publisher = {Universitat de Valencia},
	isbn = {ISBN 978-84-9134-048-5},
	url = {https://books.google.com.co/books?id=b9A6DgAAQBAJ&pg=PT9&dq=algoritmo&hl=es-419&sa=X&ved=2ahUKEwiUnvXIj97rAhXixlkKHeLTDdQQ6AEwA3oECAYQAg#v=onepage&q=algoritmo&f=false}
} 

@book{Algoritmo2,
	author = {Bertolotti Zuñiga, Carmen And Flores, Juan José},
	title = {Método de las 6'D. modelamiento - algoritmo - programación. (enfoque orientado a las estructuras l\'ogicas)},
	year = {2014},
	publisher = {MACRO},
	isbn = {ISBN 9786123042189},
} 

@book{Python,
	author =  {Cuevas Alvarez, Alberto},
	title = {Programar con Python 3},
	year = {2016},
	publisher = {RA-MA Editorial},
	isbn = {ISBN 9789587626940},
} 

@article{R,
	author = {\textit{The R Foundation}},
	title = {What is R?},
	url = {https://www.r-project.org/about.html},
	urldate = {2020-09-01},
	note={\textit{Sitio web consultado el 01 de septiembre de 2020.}},
}

@book{EstadisticaDescriptiva,
	author = {Fernández Fernández, Santiago And Cordero Sánchez, José María And  Córdoba Largo, Alejandro},
	title = {Estadística Descriptiva},
	url = {https://books.google.com.co/books?id=31d5cGxXUnEC&printsec=frontcover&dq=estadistica+descriptiva&hl=es-419&sa=X&ved=2ahUKEwjcm-Ptl97rAhXMwFkKHZ9-BVMQ6AEwAXoECAEQAg#v=onepage&q=estadistica%20descriptiva&f=false},
	publisher = {Escuela Superior de Gestion Comercial y Marketing}
	year = {2002}
	urldate = {2020-09-01},
	isbn = {ISBN 84-7356-306-9}
	note={\textit{Sitio web consultado el 01 de septiembre de 2020.}},
}

@book{ModeloRegresionLineal,
	author = {M. Ross, Sheldon},
	title = {Introducción a la estadística},
	url = {https://books.google.com.co/books?id=pPM2TgQsx8wC&pg=PA527&dq=regresion+lineal&hl=es-419&sa=X&ved=2ahUKEwjj8qSpmt7rAhUyo1kKHYDUAggQ6AEwA3oECAUQAg#v=onepage&q=regresion%20lineal&f=false},
	publisher = {Editorial Reverte, S.A.}
	year = {2007}
	urldate = {2020-09-01},
	isbn = {ISBN 978-84-291-5039-1}
	note={\textit{Sitio web consultado el 01 de septiembre de 2020.}},
}

@book{Aprendizaje,
	author = {Flórez López, Raquel And Fernández Fernández, Jose Miguel},
	title = {Las Redes Neuronales Artificiales. Fundamentos te\'oricos y aplicaciones pr\'acticas},
	url = {https://books.google.com.co/books?id=X0uLwi1Ap4QC&pg=PA33&dq=aprendizaje+supervisado&hl=es-419&sa=X&ved=2ahUKEwjKq4uint7rAhXLxlkKHWr3DpAQ6AEwA3oECAQQAg#v=onepage&q=aprendizaje%20supervisado&f=false},
	publisher = {Netbiblo}
	year = {2008}
	urldate = {2020-09-01},
	isbn = {ISBN 978-84-9745-246-5}
	note={\textit{Sitio web consultado el 01 de septiembre de 2020.}},
}

@book{RedesNeuronales,
	author = {Redondo Fonseca, Marcos},
	title = {Simulación de redes neuronales como herramienta Big Data en el ámbito sanitario},
	url = {https://books.google.com.co/books?id=9vSBDgAAQBAJ&pg=PA17&dq=redes+neuronales&hl=es-419&sa=X&ved=2ahUKEwihra7dod7rAhXwuFkKHa6CCVMQ6AEwCXoECAAQAg#v=onepage&q=redes%20neuronales&f=false},
	publisher = {Lulu Press, Inc}
	year = {2016}
	urldate = {2020-09-01},
	isbn = {ISBN 978-1-326-86960-1}
	note={\textit{Sitio web consultado el 01 de septiembre de 2020.}},
}


@book{RedesNeuronalesConvolucionales,
	author = {Torres, Jordi},
	title = {Deep Learning. Introducci\'on pr\'actica con Keras},
	url = {https://books.google.com.co/books?id=ju1mDwAAQBAJ&pg=PA147&dq=redes+neuronales+convolucionales&hl=es-419&sa=X&ved=2ahUKEwj6gLOLpd7rAhXntlkKHR0KCbEQ6AEwBXoECAQQAg#v=onepage&q=redes%20neuronales%20convolucionales&f=falsee},
	publisher = {Lulu Press, Inc}
	year = {2018}
	urldate = {2020-09-01},
	isbn = {ISBN 978-1-326-86960-1}
	note={\textit{Sitio web consultado el 01 de septiembre de 2020.}},
}
